@article{alves2009choice,
  title={On the choice of source points in the method of fundamental solutions},
  author={Alves, Carlos JS},
  journal={Engineering Analysis with Boundary Elements},
  volume={33},
  number={12},
  pages={1348--1361},
  year={2009},
  publisher={Elsevier}
}

@article{alves2005new,
  title={A new method of fundamental solutions applied to nonhomogeneous elliptic problems},
  author={Alves, CJS and Chen, CS},
  journal={Advances in Computational Mathematics},
  volume={23},
  pages={125--142},
  year={2005},
  publisher={Springer}
}

@article{antunes2010meshfree,
  title={A meshfree numerical method for acoustic wave propagation problems in planar domains with corners and cracks},
  author={Antunes, Pedro RS and Valtchev, Svilen S},
  journal={Journal of Computational and Applied Mathematics},
  volume={234},
  number={9},
  pages={2646--2662},
  year={2010},
  publisher={Elsevier}
}

@article{benguria2017spectral,
  title={Spectral gaps of {Dirac} operators describing graphene quantum dots},
  author={Benguria, Rafael D and Fournais, S{\o}ren and Stockmeyer, Edgardo and Van Den Bosch, Hanne},
  journal={Mathematical Physics, Analysis and Geometry},
  volume={20},
  pages={1--12},
  year={2017},
  publisher={Springer}
}

@article{briet2022spectral,
  title={Spectral optimization of {Dirac} rectangles},
  author={Briet, Philippe and Krej{\v{c}}i{\v{r}}{\'\i}k, David},
  journal={Journal of Mathematical Physics},
  volume={63},
  number={1},
  pages={013502},
  year={2022},
  publisher={AIP Publishing LLC}
}

@article{gustafsson2019error,
  title={Error analysis of {Nitscheâ€™s} mortar method},
  author={Gustafsson, Tom and Stenberg, Rolf and Videman, Juha},
  journal={Numerische Mathematik},
  volume={142},
  pages={973--994},
  year={2019},
  publisher={Springer}
}

@article{betcke2005reviving,
  title={Reviving the method of particular solutions},
  author={Betcke, Timo and Trefethen, Lloyd N},
  journal={SIAM review},
  volume={47},
  number={3},
  pages={469--491},
  year={2005},
  publisher={SIAM}
}

@book{henrot2006extremum,
  title={Extremum problems for eigenvalues of elliptic operators},
  author={Henrot, Antoine},
  year={2006},
  publisher={Springer Science \& Business Media}
}

@book{quarteroni1999domain,
  title={Domain decomposition methods for partial differential equations},
  author={Quarteroni, Alfio and Valli, Alberto},
  number={BOOK},
  year={1999},
  publisher={Oxford University Press}
}

@misc{krejcirik_larson_lotoreichik_2019,
  title={Problem List of the AIM Workshop},
  url={http://aimpl.org/shapesurface/},
  journal={Shape optimization with surface interactions},
  author={Krej{\v{c}}i{\v{r}}{\'\i}k, David and Larson, Simon and Lotoreichik, Vladimir},
  year={2019}
}

@article{vu2023spectral,
  title={Spectral inequality for {Dirac} right triangles},
  author={Vu, Tuyen},
  journal={arXiv preprint arXiv:2302.13040},
  year={2023}
}

